<record><leader>00000cas a2200000 a 4500</leader><controlfield tag="001">40102836</controlfield><controlfield tag="008">981013d19201924oruwr ne      0    0eng c</controlfield><datafield ind1=" " ind2=" " tag="010"><subfield code="a">sn 97071088 </subfield></datafield><datafield ind1=" " ind2=" " tag="040"><subfield code="a">OCN</subfield><subfield code="b">eng</subfield><subfield code="c">OCN</subfield><subfield code="d">OCL</subfield><subfield code="d">OCLCQ</subfield><subfield code="d">OCLCF</subfield><subfield code="d">OCLCO</subfield></datafield><datafield ind1="1" ind2=" " tag="029"><subfield code="a">AU@</subfield><subfield code="b">000014251587</subfield></datafield><datafield ind1=" " ind2=" " tag="042"><subfield code="a">pcc</subfield></datafield><datafield ind1=" " ind2=" " tag="043"><subfield code="a">n-us-or</subfield></datafield><datafield ind1="0" ind2=" " tag="130"><subfield code="a">Clarion (Medford, Or.)</subfield></datafield><datafield ind1="1" ind2="4" tag="245"><subfield code="a">The Clarion.</subfield></datafield><datafield ind1=" " ind2=" " tag="260"><subfield code="a">Medford, Or. :</subfield><subfield code="b">Clarion Pub. Co.,</subfield><subfield code="c">1922-1924.</subfield></datafield><datafield ind1=" " ind2=" " tag="300"><subfield code="a">v.</subfield></datafield><datafield ind1=" " ind2=" " tag="310"><subfield code="a">Weekly</subfield></datafield><datafield ind1="1" ind2=" " tag="362"><subfield code="a">Began in 1920</subfield><subfield code="z">Cf. Turnbull, G.S. History of Oregon newspapers.</subfield></datafield><datafield ind1="0" ind2=" " tag="362"><subfield code="a">-v.4, no. 14 (Oct. 3, 1924).</subfield></datafield><datafield ind1=" " ind2=" " tag="500"><subfield code="a">"Consolidated with the Ashland Square Deal."</subfield></datafield><datafield ind1=" " ind2=" " tag="530"><subfield code="a">Also issued on microfilm from University of Oregon.</subfield></datafield><datafield ind1=" " ind2="0" tag="651"><subfield code="a">Medford (Or.)</subfield><subfield code="v">Newspapers.</subfield></datafield><datafield ind1=" " ind2="7" tag="655"><subfield code="a">Newspapers.</subfield><subfield code="2">fast</subfield><subfield code="0">(OCoLC)fst01423814</subfield></datafield><datafield ind1=" " ind2="7" tag="651"><subfield code="a">Oregon</subfield><subfield code="z">Medford.</subfield><subfield code="2">fast</subfield><subfield code="0">(OCoLC)fst01217574</subfield></datafield><datafield ind1=" " ind2=" " tag="752"><subfield code="a">United States</subfield><subfield code="b">Oregon</subfield><subfield code="c">Jackson</subfield><subfield code="d">Medford.</subfield></datafield><datafield ind1="0" ind2="0" tag="785"><subfield code="t">Jackson County news</subfield><subfield code="w">(OCoLC)40102853</subfield></datafield></record>